<?xml version="1.0" encoding="UTF-8"?><collection><record><leader>08075ntm a2200673 a 4500</leader><controlfield tag="001">006805547</controlfield><controlfield tag="003">MiAaHDL</controlfield><controlfield tag="005">20190719000000.0</controlfield><controlfield tag="006">m        d        </controlfield><controlfield tag="007">cr bn ---auaua</controlfield><controlfield tag="008">090601s1582    ua            00| ||ara d</controlfield><datafield tag="035" ind1=" " ind2=" "><subfield code="a">(MiU)006805547</subfield></datafield><datafield tag="035" ind1=" " ind2=" "><subfield code="a">sdr-miu006805547</subfield></datafield><datafield tag="040" ind1=" " ind2=" "><subfield code="a">MiU</subfield><subfield code="c">MiU</subfield><subfield code="e">amremm</subfield></datafield><datafield tag="043" ind1=" " ind2=" "><subfield code="a">n-us-mi</subfield><subfield code="a">a------</subfield><subfield code="a">f------</subfield><subfield code="a">e-sp---</subfield></datafield><datafield tag="100" ind1="1" ind2=" "><subfield code="6">880-01</subfield><subfield code="a">Ibn al-Wardī, Zayn al-Dīn ʻUmar ibn al-Muẓaffar,</subfield><subfield code="d">-1349.</subfield></datafield><datafield tag="245" ind1="1" ind2="0"><subfield code="6">880-03</subfield><subfield code="a">Kharīdat al-ʻajāʼib wa farīdat al-gharāʼib,</subfield><subfield code="f">[990, i.e. 1582].</subfield></datafield><datafield tag="260" ind1=" " ind2=" "><subfield code="a">[Badahl,</subfield><subfield code="c">1582].</subfield></datafield><datafield tag="300" ind1=" " ind2=" "><subfield code="a">193 leaves :</subfield><subfield code="b">paper ;</subfield><subfield code="c">160 x 125 (125 x 85) mm. bound to 160 x 130 mm.</subfield></datafield><datafield tag="500" ind1=" " ind2=" "><subfield code="a">Shelfmark: Ann Arbor, University of Michigan, Special Collections Library, Isl. Ms. 606</subfield></datafield><datafield tag="500" ind1=" " ind2=" "><subfield code="a">Origin: As appears in colophon on fol.192b, copied in Badahl (Egypt) by Aḥmad ibn Muḥammad ibn ʻAbd al-Dāʼim ibn Muḥammad ibn Sulaymān al-Badahlī al-Shāfiʻī. Transcription completed ("kān al-farāgh min naskhih...") during Jumādá I 990 [May-June 1582].</subfield></datafield><datafield tag="500" ind1=" " ind2=" "><subfield code="a">Accompanying materials: a. Inventory cataloguing slip in hand of Winifred Smeaton Thomas. -- b. Acquisitions slip from Yahuda.</subfield></datafield><datafield tag="500" ind1=" " ind2=" "><subfield code="a">Former shelfmark: From inner front cover and spine label, "IL 108" (likely supplied by Yahuda, see acquisitions slip).</subfield></datafield><datafield tag="500" ind1=" " ind2=" "><subfield code="a">Binding: Pasteboard covered in paper printed with a red, black and white vegetal pattern; Type III binding (without flap); not original to codex; worn but intact.</subfield></datafield><datafield tag="500" ind1=" " ind2=" "><subfield code="a">Support: non-European laid paper; at least three different papers are used; the paper of the 14th and 15th quires is notable for being quite thin; at least one of these papers can be described as 'Mamluk,' having 3 sets of 2 horizontal chain lines, with the chain lines roughly 12 mm. and groups roughly 40 mm. apart; roughly 7 laid lines per cm. (see fol. 37 where the paper's features are readily apparent).</subfield></datafield><datafield tag="500" ind1=" " ind2=" "><subfield code="a">Decoration: On fol.3b, circular world map painted chiefly in blue and brown with a border of green lobes (representing the belt of mountains surrounding the Earth) and richly labeled with Mecca at the center, the Encircling Ocean, and other places, bodies of water, etc. marked in black and red ink; portions lost due to trimming; on fol.14a a framed chart with partial table of contents; on fol.51b a diagram in black and red ink for finding the direction of Makkah based on one's location with illustration of the Kaʻbah at the center; on fol.191a a table in black and red ink for use in calculating dominance using the numerical values of names; text rubricated with section headings, textual dividers, etc. in red.</subfield></datafield><datafield tag="500" ind1=" " ind2=" "><subfield code="a">Script: Naskh; a small, clear hand with extremely vertical lāms and alifs, generally free of serifs, shaddah is generally marked; hamzah and waṣlah not marked; ihmāl signs often used over unpointed letters; a larger naskh is frequently used for section headings; thoroughly vocalized.</subfield></datafield><datafield tag="500" ind1=" " ind2=" "><subfield code="a">Layout: Written in 19 lines per page; frame-ruled (using a misṭarah) though oddly at times, see fol. 151a where the writing does not extend to the end of the rulings.</subfield></datafield><datafield tag="500" ind1=" " ind2=" "><subfield code="a">Collation: i, 1 (1), III (7), 18 V (187), III (193) ; chiefly quinions; quire numbering in the form of Hindu-Arabic numerals is present for quires 13, 14, 17, 18, 19 in the top outer corner of the first folio of each quire; catchwords present; pagination in pencil, Western numerals (referenced in cataloguing).</subfield></datafield><datafield tag="500" ind1=" " ind2=" "><subfield code="a">Colophon: "Scribal," rectangular, reads: "وبتمامه تم الكتاب بحمد الله الكريم الوهاب كان الفراغ من نسخه قبل الظهر ببدهل في يوم الاثنين المبارك عشري شهر جمادى الاولى من شهور سنة تسعين وتسعماية &lt;...&gt; على يد افقر عباد الله تعالى واحوجهم الى عفو ربه ومغفرته ورضوانه العبد الفقير احمد بن محمد بن عبد الدائم بن محمد بن سليمان البدهلي الشافعي"</subfield></datafield><datafield tag="500" ind1=" " ind2=" "><subfield code="a">Explicit: "و هذه خاتمة الارجوزة وما حوت من حكم عزيزة"</subfield></datafield><datafield tag="500" ind1=" " ind2=" "><subfield code="a">Incipit: "قل لا يعلم من في السماوات والأرض الغيب إلا الله الحمد لله غافر الذنب قابل التوب شديد العقاب عالم الغيب ... وبعد فان خالق الخلق والبدية ومن له الارادة و المشيئة قد ميز الملوك والرعاة عن من دونهم من الرعية"</subfield></datafield><datafield tag="500" ind1=" " ind2=" "><subfield code="a">Title from inscription on front flyleaf.</subfield></datafield><datafield tag="500" ind1=" " ind2=" "><subfield code="a">Ms. codex.</subfield></datafield><datafield tag="505" ind1="0" ind2=" "><subfield code="a">4. fol. 191a-192b : Faṣl fī mawḍūʻ al-shaṭranj / Ibn al-Habbārīyah [?].</subfield></datafield><datafield tag="505" ind1="0" ind2=" "><subfield code="a">3. fol.191a : Hādhā jadwal fīhi ḥisāb al-ghālib wa-al-maghlūb.</subfield></datafield><datafield tag="505" ind1="0" ind2=" "><subfield code="a">2. fol.187b-191a : Qilādat al-durr al-manthūr fī dhikr al-baʻth wa-al-nushūr / ʻAbd al-ʻAzīz al-Dīrīnī.</subfield></datafield><datafield tag="505" ind1="0" ind2=" "><subfield code="a">1. fol.1a-187b : Kharīdat al-ʻajāʼib wa farīdat al-gharāʼib / Zayn al-Dīn ʻUmar ibn al-Muẓaffar Ibn al-Wardī [?].</subfield></datafield><datafield tag="510" ind1="4" ind2=" "><subfield code="a">Sellheim, R. Materialen zur arabischen Literaturgeschichte. Teil I (1976),</subfield><subfield code="c">no. 49</subfield></datafield><datafield tag="510" ind1="4" ind2=" "><subfield code="a">EI2, "Ibn al- Wardī , Sirādj al-Dīn Abū Ḥafṣ ʻUmar,"</subfield><subfield code="c">vol. III, p. 966, col. 1</subfield></datafield><datafield tag="510" ind1="4" ind2=" "><subfield code="a">Hajji Khalifah. Kashf al-ẓunūn,</subfield><subfield code="c">iii 132, no.4688</subfield></datafield><datafield tag="510" ind1="4" ind2=" "><subfield code="a">Brockelmann, C. GAL,</subfield><subfield code="c">I 140, SII 174; II 131; I 451; I 252, SI 446;</subfield></datafield><datafield tag="520" ind1="8" ind2=" "><subfield code="a">Cosmography, mainly plagiarized from the Jāmiʻ al-funūn wa-salwat al-maḥzūn of Najm al-Dīn al-Ḥarrānī (ca.732/1332). Authorship of the Kharīdah is disputed. It is often attributed to Abū Ḥafṣ Sirāj al-Dīn ʻUmar ibn Muḥammad Ibn al-Wardī (d.861/1457) whose name al-Ziriklī gives as al-Wurūdī, though in this ms. it is ascribed to Zayn al-Dīn Ibn al-Wardī (d.749/1349). It has also been attributed to an ʻUmar Ibn al-Wardī al-Subkī. (see EI2 "Ibn al- Wardī , Sirādj al-Dīn Abū Ḥafṣ ʻUmar" and Sellheim, R. Materialen zur arabischen Literaturgeschichte, t. I, no. 49 for more on this matter of disputed authorship). The text concludes with excerpts from a poem on the resurrection, a table for numerological calculations of dominance using names, and verses on the game of chess. Description provided by Noah Gardiner.</subfield></datafield><datafield tag="538" ind1=" " ind2=" "><subfield code="a">Mode of access: Internet.</subfield></datafield><datafield tag="541" ind1=" " ind2=" "><subfield code="a">Acquired in 1926 from the bookseller Isaac Benjamin S.E. Yahuda via purchase transacted on his behalf by Abraham Shalom Yahuda (1877-1951), his younger brother.</subfield></datafield><datafield tag="546" ind1=" " ind2=" "><subfield code="a">Arabic.</subfield></datafield><datafield tag="561" ind1=" " ind2=" "><subfield code="a">A few marginal corrections, clarifying cacographic errors and the like, with corresponding sigla and signes-de-renvoi; occasional glosses marked with ligature beginning with ḥāʼ; a few marks of uncertain function (see fol.142b and 172a) appearing as ":-" and "-:".</subfield></datafield><datafield tag="650" ind1=" " ind2="0"><subfield code="a">Manuscripts, Arabic</subfield><subfield code="z">Michigan</subfield><subfield code="z">Ann Arbor.</subfield></datafield><datafield tag="650" ind1=" " ind2="0"><subfield code="a">Geography, Arab</subfield><subfield code="v">Early works to 1800.</subfield></datafield><datafield tag="650" ind1=" " ind2="0"><subfield code="a">Islamic cosmology</subfield><subfield code="v">Early works to 1800.</subfield></datafield><datafield tag="651" ind1=" " ind2="0"><subfield code="a">Islamic Empire</subfield><subfield code="x">Geography</subfield><subfield code="v">Early works to 1800.</subfield></datafield><datafield tag="700" ind1="1" ind2=" "><subfield code="6">880-07</subfield><subfield code="a">Badahlī al-Shāfiʻī, Aḥmad ibn Muḥammad ibn ʻAbd al-Dāʼim,</subfield><subfield code="d">fl. 1582,</subfield><subfield code="e">scribe.</subfield></datafield><datafield tag="700" ind1="1" ind2="2"><subfield code="6">880-06</subfield><subfield code="a">Ibn al-Habbārīyah, Muḥammad ibn Muḥammad,</subfield><subfield code="d">1023 or 1024-1115 or 1116.</subfield></datafield><datafield tag="700" ind1="1" ind2="2"><subfield code="6">880-05</subfield><subfield code="a">Dīrīnī, ʻAbd al-ʻAzīz,</subfield><subfield code="d">1215-approximately 1295.</subfield><subfield code="t">Qilādat al-durr.</subfield></datafield><datafield tag="700" ind1="1" ind2=" "><subfield code="6">880-04</subfield><subfield code="a">Ḥarrānī, Aḥmad ibn Ḥamdān,</subfield><subfield code="d">fl. 1332.</subfield><subfield code="t">Jāmiʻ al-funūn wa-salwat al-maḥzūn.</subfield></datafield><datafield tag="773" ind1="0" ind2=" "><subfield code="a">Yahuda Collection.</subfield></datafield><datafield tag="880" ind1="1" ind2=" "><subfield code="6">700-07/</subfield><subfield code="a">بدهلي الشافعي, احمد بن محمد بن عبد الدائم,</subfield><subfield code="e">ناسخ.</subfield></datafield><datafield tag="880" ind1="1" ind2="2"><subfield code="6">700-06/</subfield><subfield code="a">ابن الهبارية, محمد بن محمد.</subfield></datafield><datafield tag="880" ind1="1" ind2="2"><subfield code="6">700-05/</subfield><subfield code="a">ديريني, عبد العزيز.</subfield><subfield code="t">قلادة الدر.</subfield></datafield><datafield tag="880" ind1="1" ind2=" "><subfield code="6">700-04/</subfield><subfield code="a">حراني, أحمد بن حمدان.</subfield><subfield code="t">جامع الفنون وسلوة المحزون.</subfield></datafield><datafield tag="880" ind1="1" ind2="0"><subfield code="6">245-03/</subfield><subfield code="a">خريدة العجائب وفريدة الغرائب,</subfield><subfield code="f">[990ه، 1582م].</subfield></datafield><datafield tag="880" ind1="1" ind2=" "><subfield code="6">100-01/</subfield><subfield code="a">ابن الوردي, زين الدين عمر بن المظفر.</subfield></datafield><datafield tag="CID" ind1=" " ind2=" "><subfield code="a">006805547</subfield></datafield><datafield tag="DAT" ind1="0" ind2=" "><subfield code="a">20190719102637.0</subfield><subfield code="b">20190719000000.0</subfield></datafield><datafield tag="DAT" ind1="1" ind2=" "><subfield code="a">20190719090653.0</subfield><subfield code="b">2019-07-19T16:11:41Z</subfield></datafield><datafield tag="DAT" ind1="2" ind2=" "><subfield code="a">2015-10-02T18:00:03Z</subfield></datafield><datafield tag="CAT" ind1=" " ind2=" "><subfield code="a">SDR-MIU</subfield><subfield code="d">EX LIBRIS - ALEPH</subfield><subfield code="l">prepare.pl-004-008</subfield></datafield><datafield tag="FMT" ind1=" " ind2=" "><subfield code="a">BK</subfield></datafield><datafield tag="HOL" ind1=" " ind2=" "><subfield code="0">sdr-miu006805547</subfield><subfield code="a">MiU</subfield><subfield code="b">SDR</subfield><subfield code="c">MIU</subfield><subfield code="p">mdp.39015079127414</subfield><subfield code="s">MIU</subfield><subfield code="1">006805547</subfield></datafield><datafield tag="974" ind1=" " ind2=" "><subfield code="b">MIU</subfield><subfield code="c">MIU</subfield><subfield code="d">20190719</subfield><subfield code="s">lit-dlps-dc</subfield><subfield code="u">mdp.39015079127414</subfield><subfield code="y">1582</subfield><subfield code="r">pd</subfield><subfield code="q">bib</subfield><subfield code="t">non-US bib date1 &lt; 1896</subfield></datafield></record></collection>